<?xml version="1.0" encoding="utf-8"?>
<record xmlns="http://www.loc.gov/MARC21/slim" xmlns:xsi="http://www.w3.org/2001/XMLSchema-instance" xsi:schemaLocation="http://www.loc.gov/MARC21/slim http://www.loc.gov/standards/marcxml/schema/MARC21slim.xsd">
	<leader>     nam a22     Mi 4500</leader>
	<controlfield tag="001">b12906918</controlfield>
	<controlfield tag="003">UaCaAUL</controlfield>
	<controlfield tag="006">m        d        </controlfield>
	<controlfield tag="007">cr cn |||m|||a</controlfield>
	<controlfield tag="008">191001s1935    ua abc  ob    000 0 ara d</controlfield>
	<datafield ind1=" " ind2=" " tag="040">
		<subfield code="a">ZYU</subfield>
		<subfield code="b">ara</subfield>
		<subfield code="e">rda</subfield>
		<subfield code="c">ZYU</subfield>
	</datafield>
	<datafield ind1=" " ind2=" " tag="043">
		<subfield code="a">f-sj---</subfield>
	</datafield>
	<datafield ind1=" " ind2="4" tag="050">
		<subfield code="a">DT108</subfield>
		<subfield code="b">.H951s</subfield>
	</datafield>
	<datafield ind1="1" ind2=" " tag="100">
		<subfield code="6">880-01</subfield>
		<subfield code="a">Ḥusayn, ʻAbd Allāh,</subfield>
		<subfield code="e">author.</subfield>
	</datafield>
	<datafield ind1="1" ind2="3" tag="245">
		<subfield code="6">880-02</subfield>
		<subfield code="a">al-Sūdān min al-tārīkh al-qadīm ilá riḥlat al-baʻthah al-miṣrīyah /</subfield>
		<subfield code="c">taʼlīf ʻAbd Allāh Ḥusayn, al-muḥāmī amām Maḥākim al-Istiʼināf wa-al-muḥarrir bi-al-Ahrām wa-ṣāḥib al-Jarīdah al-Qaḍāʼīyah wa-al-Idārah wa-al-Būlīs al-Qaḍāʼī.</subfield>
	</datafield>
	<datafield ind1=" " ind2=" " tag="250">
		<subfield code="6">880-03</subfield>
		<subfield code="a">al-Ṭabʻah al-ūlá.</subfield>
	</datafield>
	<datafield ind1=" " ind2="1" tag="264">
		<subfield code="6">880-04</subfield>
		<subfield code="a">Cairo :</subfield>
		<subfield code="b">al-Maṭbaʻah al-Raḥmānīyah,</subfield>
		<subfield code="c">1354, 1935.</subfield>
	</datafield>
	<datafield ind1=" " ind2=" " tag="300">
		<subfield code="a">online resource (3 volumes in 1.) :</subfield>
		<subfield code="b">illustrations, maps, portraits, photos</subfield>
	</datafield>
	<datafield ind1=" " ind2=" " tag="336">
		<subfield code="a">text</subfield>
		<subfield code="2">rdacontent</subfield>
	</datafield>
	<datafield ind1=" " ind2=" " tag="337">
		<subfield code="a">computer</subfield>
		<subfield code="2">rdamedia</subfield>
	</datafield>
	<datafield ind1=" " ind2=" " tag="338">
		<subfield code="a">online resource</subfield>
		<subfield code="2">rdacarrier</subfield>
	</datafield>
	<datafield ind1=" " ind2=" " tag="500">
		<subfield code="a">Includes Errata pages.</subfield>
	</datafield>
	<datafield ind1=" " ind2=" " tag="500">
		<subfield code="6">880-05</subfield>
		<subfield code="a">Ṭubiʻa ʻalá nafaqat al-muʼallif waḥdahu wa-ḥuqūq al-ṭabʻ wa-al-naql maḥfūẓah la-hu, kull nuskhah laysa ʻalayhā ism al-muʼallif tuʻadd masrūqah, yuṭlab min al-muʼallif bi-Jarīdat al-Ahrām wa-min jamīʻ al-makātib.</subfield>
	</datafield>
	<datafield ind1=" " ind2=" " tag="500">
		<subfield code="a">Part of the Arabic Collections Online (ACO) project, contributed by American University in Cairo Library.</subfield>
	</datafield>
	<datafield ind1=" " ind2=" " tag="504">
		<subfield code="a">Includes bibliographical references.</subfield>
	</datafield>
	<datafield ind1="0" ind2=" " tag="505">
		<subfield code="6">880-06</subfield>
		<subfield code="a">al-Juzʼ al-awwal. Yashtamil ʻalá tārīkh al-Sūdān al-qadīm fī ʻahd al-Farāʻinah wa-al-Baṭālisah wa-al-Rūmān wa-al-Dawlah al-Ahtyūbīyah wa-Mamlakat Marwá wa-Nabtah, wa-mamālik al-Sūdān wa-salṭanātihi wa-imārātihi wa-qabāʼilihi wa-diyānātihi wa-uṣūl sukkānihi, wa-hijrat al-qabāʼil al-ʻArabīyah ilayih, wa-ʻahd al-kushshāf al-Atrāk wa-al-Mamālīk, wa-fatʹḥahu fī ʻahd Muḥammad ʻAlī wa-Ismāʻīl wa-ḥakimdārūh ilá al-Thawrah al-Mahdīyah, wa-jārāt al-Sūdān, wa-al-Ḥabashah wa-marājiʻ al-kitāb wa-wathāʼiqih. -- al-Juzʼ al-thānī. Yashmal ḥawādith al-Sūdān mundhu al-tafkīr fī iʻādatihi wa-al-qaḍāʼ ʻalá ʻaṣr al-Thawrah al-Mahdīyah wa-Ittifāq 1899 ilá sanat 1935, wa-mabāḥith ʻan ḥukūmatihi wa-jughrāfīyatihi wa-zirāʻatihi wa-tijāratihi wa-mālīyatihi wa-mīzānīyatihi wa-ʻalāqātihi wa-ḥarakatihi al-taʻlīmīyah wa-al-adabīyah wa-shuʼūn al-rayy wa-al-khazzānāt wa-mustaqbalihi wa-ghayr dhalika min bayānāt -- al-Juzʼ al-thālith. Yashtamil ʻalá tarājim ʻan sumwu al-Amīr ʻUmar Ṭūsūn wa-al-hayʼāt allatī ishtarakat fī al-baʻthah al-iqtiṣādīyah al-Miṣrīyah ilá al-Sūdān min al-Jamʻīyah al-Zirāʻīyah wa-al-Niqābah al-Zirāʻīyah wa-al-Ghuraf al-Tijārīyah wa-Wizārat al-Tijārah wa-al-Usrah al-Abāẓīyah, wa-muqaddimāt safar al-baʻthah wa-asbābih, wa-waṣf riḥlatihā yawman yawman wa-ʻawdatihā wa-lijānihā wa-natāʼij muhimmatihā wa-bayānāt kathīrah ʻan al-ḥayāh al-Sūdānīyah -- maʻa al-ṣuwar.</subfield>
	</datafield>
	<datafield ind1=" " ind2=" " tag="533">
		<subfield code="a">Electronic reproduction.</subfield>
		<subfield code="b">New York, N.Y. :</subfield>
		<subfield code="c">New York University,</subfield>
		<subfield code="d">2019.</subfield>
		<subfield code="5">NNU</subfield>
	</datafield>
	<datafield ind1="1" ind2="0" tag="600">
		<subfield code="6">880-07</subfield>
		<subfield code="a">Ṭūsūn, ʻUmar,</subfield>
		<subfield code="c">Prince,</subfield>
		<subfield code="d">1872-1944.</subfield>
	</datafield>
	<datafield ind1="3" ind2="0" tag="600">
		<subfield code="a">Abāẓah family.</subfield>
	</datafield>
	<datafield ind1="3" ind2="7" tag="600">
		<subfield code="a">Abāẓah family.</subfield>
		<subfield code="2">fast</subfield>
		<subfield code="0">(OCoLC)fst02002015</subfield>
	</datafield>
	<datafield ind1="1" ind2="7" tag="600">
		<subfield code="a">Ṭūsūn, ʻUmar,</subfield>
		<subfield code="c">Prince,</subfield>
		<subfield code="d">1872-1944.</subfield>
		<subfield code="2">fast</subfield>
		<subfield code="0">(OCoLC)fst00140919</subfield>
	</datafield>
	<datafield ind1=" " ind2="0" tag="651">
		<subfield code="a">Sudan</subfield>
		<subfield code="x">History.</subfield>
	</datafield>
	<datafield ind1=" " ind2="0" tag="651">
		<subfield code="a">Sudan</subfield>
		<subfield code="v">Biography.</subfield>
	</datafield>
	<datafield ind1=" " ind2="0" tag="651">
		<subfield code="a">Sudan</subfield>
		<subfield code="x">Relations</subfield>
		<subfield code="z">Egypt.</subfield>
	</datafield>
	<datafield ind1=" " ind2="0" tag="651">
		<subfield code="a">Egypt</subfield>
		<subfield code="x">Relations</subfield>
		<subfield code="z">Sudan.</subfield>
	</datafield>
	<datafield ind1=" " ind2="7" tag="650">
		<subfield code="a">International relations.</subfield>
		<subfield code="2">fast</subfield>
		<subfield code="0">(OCoLC)fst00977053</subfield>
	</datafield>
	<datafield ind1=" " ind2="7" tag="651">
		<subfield code="a">Egypt.</subfield>
		<subfield code="2">fast</subfield>
		<subfield code="0">(OCoLC)fst01208755</subfield>
	</datafield>
	<datafield ind1=" " ind2="7" tag="651">
		<subfield code="a">Sudan.</subfield>
		<subfield code="2">fast</subfield>
		<subfield code="0">(OCoLC)fst01204591</subfield>
	</datafield>
	<datafield ind1=" " ind2="7" tag="655">
		<subfield code="a">Biography.</subfield>
		<subfield code="2">fast</subfield>
		<subfield code="0">(OCoLC)fst01423686</subfield>
	</datafield>
	<datafield ind1=" " ind2="7" tag="655">
		<subfield code="a">History.</subfield>
		<subfield code="2">fast</subfield>
		<subfield code="0">(OCoLC)fst01411628</subfield>
	</datafield>
	<datafield ind1="2" ind2=" " tag="710">
		<subfield code="a">American University in Cairo.</subfield>
		<subfield code="b">Library.</subfield>
	</datafield>
	<datafield ind1="0" ind2=" " tag="730">
		<subfield code="a">Arabic Collections Online.</subfield>
	</datafield>
	<datafield ind1="0" ind2="8" tag="776">
		<subfield code="i">Print version:</subfield>
		<subfield code="a">Ḥusayn, ʻAbd Allāh, author.</subfield>
		<subfield code="t">al-Sūdān min al-tārīkh al-qadīm ilá riḥlat al-baʻthah al-miṣrīyah</subfield>
		<subfield code="w">(UaCaAUL)b12906918</subfield>
		<subfield code="w">(OCoLC)16348964</subfield>
	</datafield>
	<datafield ind1="4" ind2="0" tag="856">
		<subfield code="u">http://hdl.handle.net/2333.1/qfttf6xd</subfield>
	</datafield>
	<datafield ind1="1" ind2=" " tag="880">
		<subfield code="6">100-01</subfield>
		<subfield code="a">حسين، عبد الله.</subfield>
	</datafield>
	<datafield ind1="1" ind2="2" tag="880">
		<subfield code="6">245-02</subfield>
		<subfield code="a">السودان من التاريخ القديم إلى رحلة البعثة المصرية /</subfield>
		<subfield code="c">تأليف عبد الله حسين، المحامي أمام محاكم الاستئناف والمحرر بالأهرام وصاحب الجريدة القضائية والإدارة والبوليس القضائي.</subfield>
	</datafield>
	<datafield ind1=" " ind2=" " tag="880">
		<subfield code="6">250-03</subfield>
		<subfield code="a">الطبعة الأولى.</subfield>
	</datafield>
	<datafield ind1=" " ind2="1" tag="880">
		<subfield code="6">264-04</subfield>
		<subfield code="a">ر :</subfield>
		<subfield code="b">المطبعة الرحمنية،</subfield>
		<subfield code="c">1354، 1935.</subfield>
	</datafield>
	<datafield ind1=" " ind2=" " tag="880">
		<subfield code="6">500-05</subfield>
		<subfield code="a">طبع على نفقة المؤلف وحده وحقوق الطبع والنقل محفوظة له، كل نسخة ليس عليها اسم المؤلف تعد مسروقة، يطلب من المؤلف بجريدة الأهرام ومن جميع المكاتب.</subfield>
	</datafield>
	<datafield ind1="0" ind2=" " tag="880">
		<subfield code="6">505-06</subfield>
		<subfield code="a">الجزء الأول. يشتمل على تاريخ السودان القديم في عهد الفراعنة والبطالة والرومان والدولة الأثيوبية ومملكة مروى ونبتة، وممالك السودان وسلطناته وإماراته وقبائل ودياناته وأصول سكانه، وهجرة القبائل العربية إليه، وعهد الكشاف الأتراك والمماليك، وفتحه في عهد محمد علي وإسماعيل وحكمداروه إلى الثورة المهدية، وجارات السودان، والحبشة ومراجع الكتاب ووثائقه. -- الجزء الثاني. يشمل حوادث السودان منذ التفكير في إعادته والقضاء على عصر الثورة المهدية واتفاق 1899 إلى سنة 1935، ومباحث عن حكومته وجغرافيته وزراعته وتجارته وماليته وميزانيته وعلاقاته وحركته التعليمية والأدبية وشؤون الري والخزانات ومستقبله وغير ذلك من بيانات -- الجزء الثالث. يشتمل على تراجم عن سمو الأمير عمر طوسون والهيئات التي اشتركت في البعثة الاقتصادية المصرية إلى السودان من الجمعية الزراعية والنقابة الزراعية والغرف التجارية ووزارة التجارة والأسرة الأباظية، ومقدمات سفر البعثة وأسبابه، ووصف رحلتها يوما يوما وعودتها ولجانها ونتائج مهمتها وبيانات كثيرة عن الحياة السودانية -- مع الصور.</subfield>
	</datafield>
	<datafield ind1="1" ind2="0" tag="880">
		<subfield code="6">600-07</subfield>
		<subfield code="a">طوسون، عمر،</subfield>
		<subfield code="c">الأمير،</subfield>
		<subfield code="d">1872-1944.</subfield>
	</datafield>
	<datafield ind1=" " ind2=" " tag="959">
		<subfield code="a">NNU</subfield>
		<subfield code="b">WEB</subfield>
		<subfield code="c">GENI</subfield>
		<subfield code="t">0</subfield>
		<subfield code="m">Electronic access</subfield>
		<subfield code="s">01</subfield>
	</datafield>
	<datafield ind1=" " ind2=" " tag="999">
		<subfield code="i">UaCaAUL_b12906918</subfield>
		<subfield code="o">(OCoLC)ocm16348964 </subfield>
		<subfield code="s">auc_aco000588</subfield>
	</datafield>
</record>
